<collection xmlns="http://www.loc.gov/MARC21/slim"><record><leader>00658nam  2200193   450</leader><controlfield tag="001">68</controlfield><controlfield tag="003">http://montalegre.opacnet.com/OPAC/default.aspx?ContentAreaControl=ShowRegHoldings.ascx&amp;RegNo=16662</controlfield><datafield tag="095" ind1=" " ind2=" "><subfield code="a">PTBN00827749</subfield></datafield><datafield tag="100" ind1=" " ind2=" "><subfield code="a">19960826d1968    m  y0pory010305  ba</subfield></datafield><datafield tag="101" ind1="1" ind2=" "><subfield code="a">por</subfield><subfield code="c">fre</subfield></datafield><datafield tag="102" ind1=" " ind2=" "><subfield code="a">PT</subfield></datafield><datafield tag="200" ind1="1" ind2=" "><subfield code="a">Úrsula mirouet</subfield><subfield code="e">cenas da vida de província</subfield><subfield code="f">Balzac</subfield></datafield><datafield tag="210" ind1=" " ind2=" "><subfield code="a">Lisboa</subfield><subfield code="c">Portugália</subfield><subfield code="d">1968</subfield></datafield><datafield tag="215" ind1=" " ind2=" "><subfield code="a">380, [1] p., [3] f</subfield><subfield code="c">il.</subfield><subfield code="d">20 cm</subfield></datafield><datafield tag="225" ind1="2" ind2=" "><subfield code="a">&lt;A &gt;comédia humana</subfield></datafield><datafield tag="700" ind1=" " ind2="1"><subfield code="a">Balzac</subfield><subfield code="b">Honoré de</subfield><subfield code="f">1799-1850</subfield></datafield><datafield tag="702" ind1=" " ind2="1"><subfield code="a">Andrade</subfield><subfield code="b">João Pedro de</subfield><subfield code="f">1902-1974</subfield><subfield code="4">730</subfield></datafield><datafield tag="801" ind1=" " ind2="0"><subfield code="a">PT</subfield><subfield code="b">Biblioteca Municipal de Montalegre</subfield><subfield code="g">RPC</subfield></datafield><datafield tag="856" ind1=" " ind2=" "><subfield code="u">locateMedia.asp?cod=20060508115401&amp;ext=jpg</subfield><subfield code="z">CAPA</subfield></datafield><datafield tag="909" ind1="&#9;" ind2=" "><subfield code="a">1</subfield></datafield><datafield tag="966" ind1=" " ind2=" "><subfield code="a">0007880</subfield><subfield code="l">BMM</subfield><subfield code="s">SCG 821 BAL úrs</subfield></datafield></record></collection>